
@misc{encyclopediaArticle_Automatefini_,
  title = {Automate fini},
  copyright = {Creative {Commons} {Attribution}-{ShareAlike} {License}},
  url = {http://fr.wikipedia.org/wiki/Automate_fini},
  abstract = {Un automate fini (on dit parfois, par une traduction litt\'{e}rale maladroite de l'anglais, machine \`{a} \'{e}tats finis, au lieu de machine avec un nombre fini d'\'{e}tats), state automaton ou finite state machine (FSA, FSM), est une machine abstraite qui est un outil fondamental en math\'{e}matiques discr\`{e}tes et en informatique. On les retrouve dans la mod\'{e}lisation de processus, le contr\^{o}le, les protocoles de communication, la v\'{e}rification de programmes, la th\'{e}orie de la calculabilit\'{e}, dans l'\'{e}tude des langages formels et en compilation. Ils sont utilis\'{e}s dans la recherche des motifs dans un texte.},
  language = {fr},
  urldate = {2015-01-08},
  journal = {Wikip\'{e}dia},
  month = dec,
  year = {2014}
}

@misc{webpage_FiniteStateAutomata_,
  title = {Finite {State} {Automata}},
  url = {http://galaxy.eti.pg.gda.pl/katedry/kiw/pracownicy/Jan.Daciuk/personal/thesis/node12.html},
  language = {en},
  urldate = {2015-01-08},
  author = {Jan Daciuk}
}

@misc{document_ImplementationdesMachinesanombreFinidEtats_,
  title = {Impl\'{e}mentation des {Machines} \`{a} nombre {Fini} d'{Etats}},
  language = {fr},
  author = {Olivier Radisson},
  month = jan,
  year = {2015}
}

@misc{webpage_UserDatagramProtocol_Postela,
  title = {User {Datagram} {Protocol}},
  url = {https://tools.ietf.org/html/rfc768},
  language = {en},
  urldate = {2015-01-08},
  author = {Postel, J.}
}

@misc{webpage_TheOpenSoundControl10Specificationopensoundcontrolorg_,
  title = {The {Open} {Sound} {Control} 1.0 {Specification}},
  url = {http://opensoundcontrol.org/spec-1_0},
  language = {en},
  urldate = {2015-01-08},
  author = {Matt Wright}
}

@misc{encyclopediaArticle_WiFi_,
  title = {Wi-{Fi}},
  copyright = {Creative {Commons} {Attribution}-{ShareAlike} {License}},
  url = {https://en.wikipedia.org/wiki/Wi-Fi},
  abstract = {Wi-Fi, also spelled Wifi or WiFi, is a local area wireless technology that allows an electronic device to exchange data or connect to the internet using 2.4 GHz UHF and 5 GHz SHF ISM radio bands. The name is a trademark, and is a play on the audiophile term Hi-Fi. The Wi-Fi Alliance defines Wi-Fi as any "wireless local area network" (WLAN) products that are based on the Institute of Electrical and Electronics Engineers' (IEEE) 802.11 standards".{[}1{]} However, since most modern WLANs are based on these standards, the term "Wi-Fi" is used in general English as a synonym for "WLAN". Only Wi-Fi products that complete Wi-Fi Alliance interoperability certification testing successfully may use the "Wi-Fi CERTIFIED" trademark},
  language = {en},
  urldate = {2015-01-08},
  journal = {Wikipedia, the free encyclopedia},
  month = jan,
  year = {2015}
}

@misc{webpage_PTP1588pdf_,
  title = {Precision {Time} {Protocol}},
  url = {http://www.endruntechnologies.com/pdf/PTP-1588.pdf},
  language = {en},
  urldate = {2015-01-09},
  author = {EndRun Technologies}
}

@misc{webpage_IntroductiontoIEEE1588_US+Department+of+Commerce,
  title = {Introduction to {IEEE} 1588},
  url = {http://www.nist.gov/el/isd/ieee/intro1588.cfm},
  language = {en},
  urldate = {2015-01-09},
  author = {US Department of Commerce, NIST}
}

@misc{webpage_ntporgHomeoftheNetworkTimeProtocol_,
  title = {Network {Time} {Protocol}},
  url = {http://www.ntp.org/},
  language = {en},
  urldate = {2015-01-09},
  author = {Network Time Foundation}
}

@misc{encyclopediaArticle_Unixtime_,
  title = {Unix time},
  copyright = {Creative {Commons} {Attribution}-{ShareAlike} {License}},
  url = {https://en.wikipedia.org/wiki/Unix_time},
  abstract = {Unix time (a.k.a. POSIX time or Epoch time) is a system for describing instants in time, defined as the number of seconds that have elapsed since 00:00:00 Coordinated Universal Time (UTC), Thursday, 1 January 1970,{[}1{]}{[}note 1{]} not counting leap seconds.{[}1{]}{[}2{]}{[}note 2{]} It is used widely in Unix-like and many other operating systems and file formats. Due to its handling of leap seconds, it is neither a linear representation of time nor a true representation of UTC.{[}note 3{]} Unix time may be checked on most Unix systems by typing date +\%s on the command line.},
  language = {en},
  urldate = {2015-01-09},
  journal = {Wikipedia, the free encyclopedia},
  month = jan,
  year = {2015}
}


